@book{paul2011transmission,
  title={Transmission Lines in Digital and Analog Electronic Systems: Signal Integrity and Crosstalk},
  author={Paul, C.R.},
  isbn={9781118058244},
  lccn={2010006495},
  url={https://books.google.at/books?id=NDa9Vl6WBdMC},
  year={2011},
  publisher={Wiley}
}
@misc{emc-insight,
    key = emcinsight,
    note = https://emcinsight.com/how-to-export-ansys-edb-file-from-altium-designer
}
@misc{reflection_coefficient,
  title = {S-Parameters and the Reflection Coefficient},
  howpublished = {\url{https://resources.pcb.cadence.com/blog/2023-s-parameters-and-the-reflection-coefficient}},
author = {Cadence PCB solutions}
}
@misc{insertion_loss,
  title = {The Importance of S-Parameter Insertion Loss in the Design and Development of Microwave Circuits},
  howpublished = {\url{https://resources.system-analysis.cadence.com/blog/msa2021-the-importance-of-s-parameter-insertion-loss-in-the-design-and-development-of-microwave-circuits}},
author = {Cadence PCB solutions}
}



@book{pozar2021microwave,
  title={Microwave Engineering: Theory and Techniques},
  author={Pozar, D.M.},
  isbn={9781119770619},
  series={Titolo collana},
  url={https://books.google.at/books?id=PYPPEAAAQBAJ},
  year={2021},
  publisher={Wiley}
}
@book{lee2004planar,
  title={Planar Microwave Engineering: A Practical Guide to Theory, Measurement, and Circuits},
  author={Lee, T.H.},
  number={Bd. 1},
  isbn={9780521835268},
  lccn={2004050811},
  series={Planar Microwave Engineering: A Practical Guide to Theory, Measurement, and Circuits},
  url={https://books.google.at/books?id=uoj3IWFxbVYC},
  year={2004},
  publisher={Cambridge University Press}
}
@manual{pickering,
    organization  = "Pickering Electronics Ltd.",
    title         = "Surface Mount Reed Relays – Series 200",
    number        = "200RF50-1-A-5/2D",
    year          =  2022,
    month         =  8,
}
@manual{nmos,
    organization  = "ON Semiconductor",
    title         = "MOSFET – Single, N-Channel, Small Signal, SOT-23",
    number        = "NVR4003N",
    year          =  2019,
    month         =  6,
}
@misc{Pickering_2021, 
    title={Pickering reed relays with low thermal emf for direct drive from logic ICS},
    url={https://www.pickeringrelay.com/pickering-reed-relays-with-low-thermal-emf/}, 
    journal={Pickering Electronics Ltd}, 
    publisher={Pickering Electronics Ltd}, 
    author={Pickering}, 
    year={2021}, 
    month={Jan},} 
@misc{Samtec, url={https://www.samtec.com/de/products/ip5}, journal={Samtec}, publisher={Samtec}} 
@misc{Elektromechanische, url={https://www.we-online.com/de/components/products/WR_SMB_PCB_THT_SMT}, journal={Elektromechanische Bauelemente | Würth Elektronik Produktkatalog}} 
@misc{Co._1997, title={Latest HFSS release improves speed and accuracy}, url={https://www.microwavejournal.com/articles/2029-latest-hfss-release-improves-speed-and-accuracy}, journal={Microwave Journal}, publisher={Microwave Journal}, author={Co., Hewlett-Packard}, year={1997}, month={Feb}} 

@misc{Kopp_2013, place={Canonsburg}, title={An Introduction to HFSS: Fundamental Principles, Concepts, and Use}, publisher={Ansys, Inc.}, author={Kopp, Markus}, year={2013}} 

@misc{Touchstone, title={Touchstone File Format Specification}, author={TechAmerica}, year={2009}, month={Apr}} 

@misc{Steer_2022, title={Microstrip Transmission Lines}, url={https://eng.libretexts.org/Bookshelves/Electrical_Engineering/Electronics/Book%3A_Fundamentals_of_Microwave_and_RF_Design_(Steer)/04%3A_Planar_Transmission_Lines/4.04%3A_Microstrip_Transmission_Lines#mjx-eqn-eq%3A10}, journal={Libretexts Engineering}, publisher={Libretexts Engineering}, author={Steer, Michael}, year={2022}, month={May}} 

@book{wadell1991transmission,
  title={Transmission Line Design Handbook},
  author={Wadell, B.C.},
  isbn={9780890064368},
  lccn={91013328},
  series={Artech House microwave library},
  url={https://books.google.at/books?id=MyxTAAAAMAAJ},
  year={1991},
  publisher={Artech House}
}
