@book{Jackson, edition={2}, title={Classical Electromagnetics}, publisher={Wiley}, author={Jackson, John David}} 

@book{Balanis_1997, place={New York}, edition={3rd}, title={Antenna theory: Analysis and design. Buch Constantine A. Balanis}, publisher={Wiley}, author={Balanis, Constantine A.}, year={1997}} 

@book{Griffiths_2024, place={Cambridge, United Kingdom}, title={Introduction to electrodynamics}, publisher={Cambridge University Press}, author={Griffiths, David J.}, year={2024}} 

@article{Kreindl_Bauernfeind_Weiss_Stockreitner_Kaltenbacher_2024, journal={Near Field Electromagnetic Interference Coupling- Mechanisms of Multilayer Ceramic Capacitors}, author={Kreindl, Dominik and Bauernfeind, Thomas and Weiss, Bernhard and Stockreiter, Christian and Kaltenbacher, Manfred}, year={2024}} 

@book{Lorrain_Corson_1970, place={San Francisco}, title={Electromagnetic fields and waves}, publisher={W.H. Freeman}, author={Lorrain, Paul and Corson, Dale R.}, year={1970}} 

@book{Collin_2015, place={New York}, title={Field theory of guided waves}, publisher={IEEE Press}, author={Collin, Robert E.}, year={2015}} 

@article{Sreenivasiah_Chang_Ma_1981, title={Emission characteristics of electrically small radiating sources from tests inside a tem cell}, volume={EMC-23}, DOI={10.1109/temc.1981.303930}, number={3}, journal={IEEE Transactions on Electromagnetic Compatibility}, author={Sreenivasiah, Ippalapalli and Chang, David and Ma, Mark}, year={1981}, month={Aug}, pages={113–121}} 

@article{Kreindl_Bauernfeind_Weiss_Stockreiter_Kaltenbacher_2024, title={Evaluation of an analytical equivalent Hertzian dipole representation in tem cells applying the finite element method}, volume={60}, DOI={10.1109/tmag.2023.3324698}, number={3}, journal={IEEE Transactions on Magnetics}, author={Kreindl, Dominik and Bauernfeind, Thomas and Weiss, Bernhard and Stockreiter, Christian and Kaltenbacher, Manfred}, year={2024}, month={Mar}, pages={1–4}} 

@article{Wilson_Ma_1986, title={Simple approximate expressions for higher order mode cutoff and resonant frequencies in TEM cells}, volume={28}, DOI={10.1109/temc.1986.4307269}, number={3}, journal={IEEE Transactions on Electromagnetic Compatibility}, author={Wilson, Perry F. and Ma, Mark T.}, year={1986}, month={Aug}, pages={125–130}} 

